<?xml version="1.0" encoding="UTF-8"?><collection xmlns="http://www.loc.gov/MARC21/slim"><record><leader>00390nam--2200133-i-4500</leader><controlfield tag="001">000041063</controlfield><controlfield tag="002">20161230</controlfield><controlfield tag="005">20161230201042</controlfield><controlfield tag="008">060222s1000------------r-----000-0-eng-d</controlfield><datafield ind1=" " ind2=" " tag="100"><subfield code="a">Seliger,H.H.,Mann W.B</subfield></datafield><datafield ind1=" " ind2=" " tag="245"><subfield code="a">Preparation, maintenance and appl.of standards of radioactivity</subfield></datafield><datafield ind1=" " ind2=" " tag="260"><subfield code="a">Washington, U.S.Government Printing Off.,1958. 47 P</subfield></datafield><datafield ind1=" " ind2=" " tag="490"><subfield code="a">Nbs Circular 594</subfield></datafield><datafield ind1=" " ind2=" " tag="852"><subfield code="a">15535</subfield></datafield></record></collection>